@online{zeldaImg,
  author = {Wikipedia},
  title = {Trifuerza},
  year = {2024},
  url = {https://es.wikipedia.org/wiki/Trifuerza},
  urldate = {2025-08-20}
}


@Book{analisisMatematico,
  author =       "Norman B. Haaser",
  year =         "1975",
  title =        "Análisis matemático, curso de introducción",
  publisher =    "Editorial Trillas"
}
